<record><leader>00000cas a22000007a 4500</leader><controlfield tag="001">15025165</controlfield><controlfield tag="008">861230d19uu1968inuwr ne      0    0eng d</controlfield><datafield ind1=" " ind2=" " tag="010"><subfield code="a">sn 87055021 </subfield></datafield><datafield ind1=" " ind2=" " tag="040"><subfield code="a">NPI</subfield><subfield code="b">eng</subfield><subfield code="c">NPI</subfield><subfield code="d">OCLCQ</subfield></datafield><datafield ind1=" " ind2=" " tag="042"><subfield code="a">msc</subfield></datafield><datafield ind1="0" ind2="0" tag="245"><subfield code="a">Putnam County graphic.</subfield></datafield><datafield ind1="3" ind2="0" tag="246"><subfield code="a">Graphic</subfield></datafield><datafield ind1=" " ind2=" " tag="260"><subfield code="a">Cloverdale, Ind. :</subfield><subfield code="b">Kenneth W. Bennett,</subfield><subfield code="c">-1968.</subfield></datafield><datafield ind1=" " ind2=" " tag="310"><subfield code="a">Weekly</subfield></datafield><datafield ind1="0" ind2=" " tag="362"><subfield code="a">-77th year, no. 14 (Apr. 4, 1968).</subfield></datafield><datafield ind1=" " ind2=" " tag="500"><subfield code="a">Published in Greencastle, Ind., Mar. 30, 1944-Apr. 4, 1968.</subfield></datafield><datafield ind1=" " ind2=" " tag="588"><subfield code="a">Description based on: Vol. 48, no. 33 (Aug. 17, 1939).</subfield></datafield><datafield ind1=" " ind2=" " tag="752"><subfield code="a">United States</subfield><subfield code="b">Indiana</subfield><subfield code="c">Putnam</subfield><subfield code="d">Cloverdale.</subfield></datafield><datafield ind1=" " ind2=" " tag="752"><subfield code="a">United States</subfield><subfield code="b">Indiana</subfield><subfield code="c">Putnam</subfield><subfield code="d">Greencastle.</subfield></datafield><datafield ind1="0" ind2="0" tag="780"><subfield code="t">Cloverdale graphic</subfield></datafield><datafield ind1="0" ind2="0" tag="785"><subfield code="t">Putnam County daily graphic</subfield><subfield code="w">(DLC)sn 86059221</subfield></datafield></record>